@online{RISCV_SS,
    author    = "RISC-V Foundation",
    title     = "Software Status",
    url       = "https://riscv.org/software-status/"
}

@book{RISCV_RDR,
  title={The RISC-V Reader: An Open Architecture Atlas},
  author={Patterson, David and Waterman, Andrew},
  year={2017},
  publisher={Strawberry Canyon, Berkeley, CA}
}
